@article{eds,
    title={Extensible denotational language specifications},
    DOI={10.1007/3-540-57887-0_99},
    journal={Lecture Notes in Computer Science Theoretical Aspects of Computer Software},
    author={Cartwright, Robert and Felleisen, Matthias},
    year={1994},
    pages={244–272}
}

@article{typed_units,
    title={Gradual Typing for First Class Modules},
    author={Feltey, Daniel}
}

@article{units,
    title={Modular object-oriented programming with units and mixins},
    volume={34},
    DOI={10.1145/291251.289432},
    number={1},
    journal={ACM SIGPLAN Notices},
    author={Findler, Robert Bruce and Flatt, Matthew},
    year={1999},
    pages={94–104}
}
